% BibTeX database for AFT at i3A

%% bibtexfile{
%%  author	= " ",
%%  version	= "1.0",
%%  date	= "10 April 2003",
%%  filename	= "fuzzy.bib",
%%  adress	= "Fachhochschule Trier
%%		   University of Applied Sciences Trier
%%		   Postfach 1826
%%		   D-54208 Trier
%%		   Germany",
%%  email	= "<i3a.fh-trier.de>" }


% How to use this file within an german document!
%
% - set 'german' as global option to documentclass
%   e.g.: '\documentclass[12pt,a4paper,oneside,german,epsfig]{ai-paper}'
% - use package 'babel': '\usepackage{babel}'
% - use package 'bibgerm': '\usepackage{bibgerm}'
% - use bibstyle 'geralpha', 'gerplain', ...
%   e.g.: '\bibliographystyle{geralpha}'
%
% Within this .bib-file use 'and' to specify more than one author. 
% You have to use only the english abbreviations WITHOUT curly brackets
% for months! e.g.: 'jan', 'feb', 'mar', 'apr', 'mai', 'jun', 'jul',
% 'aug', 'sep', 'oct', 'nov', 'dec'.



% Short explanation of entry types:
%
% Article:          An article from a journal or magazine.
% Book:             A Book with an explicit publisher.
% Booklet:          A work that is printed and bound, but without a 
%                   named publisher or sponsoring institution.
% InBook:           A part of a book which may be a chapter (or section
%                   or whatever) and/or a range of pages.
% InCollection:     A part of a book having ots own title.
% InProceedings:    An article in a conference proceedings.
% Manual:           Technical documentation.
% Mastersthesis:    A Master's thesis.
% Misc:             Use this type when nothing else fits.
% PhDthesis:        A PhD thesis.
% Proceedings:      The proceedings of a conference. See also: inproceedings.
% Techreport:       A report published by a school or other institution, 
%                   usally numbered within a series.
%
% Further Information may be found at www.din1505.informationskompetenz.net



%%%%%%%% article
%%
%% An article from a journal or magazine.
%%
%% Required fields:
%% author, title, journal, year
%%
%% Optional fields:
%% volume, number, pages, month, note
@articel{Markus,
	author		= {Markus C.Schulte von Drach},
	journal		={Süddeutsche},
	title		= {{Stift statt Taste}},
	url			={http://www.sueddeutsche.de/bildung/2.220/schreiben-lernen-in-der-digitalen-welt-stift-statt-taste-1.2699860},
	note={\\{\url{http://www.sueddeutsche.de/bildung/2.220/schreiben-lernen-in-der-digitalen-welt-stift-statt-taste-1.2699860}}},
	year		={2015},
	month ={nov}
}

@article{Times,
	author = {Maria Konnikova},
	year = {2014},
	month = {jun},
	title = {What's Lost as Handwriting Fades},
	journal ={The New York Times},
	url ={https://www.nytimes.com/2014/06/03/science/whats-lost-as-handwriting-fades.html},
	note={\\{\url{https://www.nytimes.com/2014/06/03/science/whats-lost-as-handwriting-fades.html}}}
}


@article{Mobile,
  author = 	 {Sara Thomée und Annika Härenstam und Mats Hagberg},
  title = 	 {Mobile phone use and stress, sleep disturbances, and symptoms of depression among young adults – a prospective cohort study.},
  institution =  {BMC Public Health},
  year = 	 {2011}
}

@article{Computer,
  author = 	 {Sara Thomée und Annika Härenstam and Mats Hagberg},
  title = 	 {Computer use and stress, sleep disturbances, and symptoms of depression among young adults – a prospective cohort study},
  institution =  {BMC Psychiatric},
  year = 	 {2012}
}

@Article{Adolescent,
  author = 	 {Rosalina Richards,  Rob McGee,  Sheila M. Williams,  David Welch,  Robert J. Hancox},
  title = 	 {Adolescent Screen Time and Attachment to Parents and Peers},
  journal = 	 {Journal},
  year = 	 {10},
  month = {mar}
}

@article{juliusraabstiftung,
	year = {2017},
	month = {aug},
	title = {SPIELERISCHES LERNEN – EIN ERFOLGSMODELL},
	journal = {Julius Raab Stiftung},
	url = {http://www.juliusraabstiftung.at/blog/spielerisches-lernen-ein-erfolgsmodell/}
}

@article{P&E,
	author = {Prof. Dr. Moritz Daum},
	year = {2014},
	month = {jan},
	title = {Spielerisches Lernen – Mittels Spiel Wissen schaffen},
	journal = {P&E},
	url = {http://www.zora.uzh.ch/id/eprint/102696/1/PuE2014.1.pdf}
}

@article{Kahoot,
	author = {unbekannt},
	year = {2017},
	title = {Von SchülerInnen geliebt: Kahoot!, App für spielerisches Lernen},
	journal = {excitingedu},
	url = {http://www.excitingedu.de/von-schuelerinnen-geliebt-kahoot-app-fuer-spielerisches-lernen/}
}

@Article{SystematicMappingStudy,
  author = 	 {Prof. Dr. Darina Dicheva, Prof. Dr. Gennady Agre, Christo Dichev,Pr. Dr. Galia Angelova},
  title = 	 {Gamification in Education: A Systematic Mapping Study},
  journal = 	 {Educational Technology & Society},
  year = 	 {2015},
  url = 	 {https://www.researchgate.net/profile/Darina_Dicheva/publication/270273830_Gamification_in_Education_A_Systematic_Mapping_Study/links/54c95c4b0cf2807dcc262a1c/Gamification-in-Education-A-Systematic-Mapping-Study.pdf?origin=publication_detail},
  month = 	 {jul},
  
}

@article{Gamification,
	author = {Prof. Dr. Joey Lee, Jessica Hammer},
	year = {2011},
	month = {jan},
	title = {Gamification in Education: What, How, Why Bother?},
	journal = {Academic Exchange Quarterly},
	url = {https://www.researchgate.net/publication/258697764_Gamification_in_Education_What_How_Why_Bother}
	}
	
@article{Lunsford,
	author = {A. Lunsford Andrea and J. Lunsford Karen},
	year = {2008},
	month = {jun},
	pages = {781-806},
	title = {"Mistakes are a fact of life": A national comparative study},
	journal = {College Composition and Communication},
	volume = {59},
	url ={http://www5.csudh.edu/ccauthen/575S12/Lunsford.pdf}
}

%%%%%%%% book
%%
%% A Book with an explicit publisher.
%%
%% Required fields:
%% author or editor, title, publisher, year
%%
%% Optional fields:
%% volume or number, series, address, edition, month, isbn, note

@Book{Cyberkrank,
  ALTauthor = 	 {Manfred Spitzer},
  title = 	 {Cyberkrank! Wie das digitalisierte Leben unsere Gesundheit ruiniert},
  publisher = 	 {Droemer},
  year = 	 {2015},
  isbn ={978-3-426-27608-2}
}

@Book{iDisorder,
  ALTauthor = 	 {Peter Hensinger},
  ALTeditor = 	 {Editor},
  title = 	 {iDisorder: Auswirkungen der Digitalisierung des Erziehungswesens auf die Entwicklung von Kindern und Jugendlichen},
  publisher = 	 {Macmillan Education},
  year = 	 {2012},
  month = {mar},
  isbn = {978-0230117570}
}


%%%%%%%% booklet
%%
%% A work that is printed and bound, but without a named publisher or
%% sponsoring institution.
%%
%% Required fields:
%% title
%%
%% Optional fields:
%% author, howpublished, address, month, year, note

@booklet{PISA2009,	
	title = {PISA 2009 Results: Students On Line Volume VI},
	publisher = {Generalsekretät der OECD},
	year = {2009},
	url = {http://www.oecd.org/pisa/pisaproducts/48270093.pdf}
	}

%%%%%%%% inbook
%%
%% A part of a book which may be a chapter (or section or whatever) and/or 
%% a range of pages.
%%
%% Required fields:
%% author or editor, title, chapter and/or pages, publisher, year
%%
%% Optional fields:
%% volume or number, series, type, address, edition, month, note



%%%%%%%% incollection
%%
%% A part of a book having its own title.
%%
%% Required fields:
%% author, title, booktitle, publisher, year
%%
%% Optional fields:
%% editor, volume or number, series, type, chapter, pages, address, 
%% edition, month, note

@InCollection{ICILS2013,
	author = {Wilfried Bos, Birgit Eickelmann, Julia Gerick},
	title = {Computer- und informationsbezogene Kompetenzen von Schülerinnen und Schülern der 8. Jahrgangsstufe in Deutschland im internationalen Vergleich},
	booktitle = {ICILS 2013},
	publisher = {Wilfried Bos, Birgit Eickelmann, Julia Gerick, Frank Goldhammer, Heike Schaumburg, Knut SchwippertMartin, Senk beil, Renate Schulz-Zander, Heike Wendt},
	year = {2013},
	url = {https://www.waxmann.com/fileadmin/media/zusatztexte/ICILS_2013_Berichtsband.pdf}
	}

%%%%%%%% inproceedings
%%
%% An article in a conference preceedings.
%%
%% Required fields:
%% author, title, booktitle, year
%%
%% Optional fields:
%% editor, volume or number, series, pages, address, month, organization, 
%% publisher, note

@inproceedings{GamificationWhyHow,
	author = {Prof. Dr. Gabriela Kiryakova, Nadezhda Angelova, Lina Yordanova},
	year = {2014},
	month = {oct},
	booktitle = {9th International Balkan Education and Science Conference},
	title = {Gamification in Education},
	url = {https://www.sun.ac.za/english/learning-teaching/ctl/Documents/Gamification%20in%20education.pdf}
	}
	
@inproceedings{ProofofConcept,
	author = {Francesco Crocco, Prof. Dr. Kathleen Offenholley, Carlos Hernandez},
	year = {2016},
	month = {aug},
	booktitle = {Design Management Academy 2017 Volume 5},
	title = {A Proof-of-Concept Study of Game-Based Learning in Higher Education},
	url = {http://journals.sagepub.com/doi/pdf/10.1177/1046878116632484}
	}

%%%%%%%% manual
%%
%% Technical documentation.
%%
%% Required fields:
%% title
%%
%% Optional fields:
%% author, editor, organization, address, edition, month, year, note

@manual{ComputersatSchool,
	author = {Prof. Dr. Maciej Jakubowski},
	year = {2014},
	title = {Computers at schools},
	url = {https://www.researchgate.net/publication/276265115_Computers_at_schools}
	}
	
@manual{HotTopics,
	author = {Brenda Enders},
	title = {GAMIFICATION, GAMES, AND LEARNING: What Managers and Practitioners Need to Know},
	year = {2013},
	url = {https://dharmamonk.files.wordpress.com/2014/01/guildresearch_gamification2013.pdf}
	}
%%%%%%%% mastersthesis
%%
%% A Master's thesis.
%%
%% Required fields:
%% author, title, school, year
%%
%% Optional fields:
%% type, address, month, note


%%%%%%%% misc
%%
%% Use this type when nothing else fits.
%%
%% Required fields:
%% none.
%%
%% Optional fields:
%% author, title, url, month, year, note
@misc{forsa,
    organization      = {forsa Politik- und Sozialforschung GmbH},
    title       = {
    {Auswirkungen der zunehmenden Digitalisierung auf die deutsche Sprache} },
    year        = 2014,
    type	= {Befragung }
}

@misc{Hesse,
	author	={Jason Hesse},
	title		= {{Poor grammar on websites scares 59% away}},
	url			={https://realbusiness.co.uk/tech-and-innovation/2013/11/12/poor-grammar-on-websites-scares-59-away/},
	note={\\{\url{https://realbusiness.co.uk/tech-and-innovation/2013/11/12/poor-grammar-on-websites-scares-59-away/}}},
	year		={2013}
}
@misc{Disruptive:03,
	organization	={Disruptive communications},
	title		= {{What customers hate about your social media channels}},
	type ={Studie},
	url			={http://disruptive-communications.com/what-customers-hate-about-your-social-media-channels/},
	note={\\{\url{http://disruptive-communications.com/what-customers-hate-about-your-social-media-channels/}}},
	year		={2013}
}

@misc{Sassone,
	author= {Kara Sassone},
	organization	={Hubspot},
	title		= {{Why Spelling and Grammar Matter in Marketing}},
	type ={Studie},
	url			={https://blog.hubspot.com/blog/tabid/6307/bid/20383/Why-Spelling-and-Grammar-Matter-in-Marketing.aspx},
	note={\\{\url{https://blog.hubspot.com/blog/tabid/6307/bid/20383/Why-Spelling-and-Grammar-Matter-in-Marketing.aspx}}},
	year		={2013}
}

@misc{Bpress,
organization = {Schreibmotorik Institut und Deutscher Lehrverband},
year = {2015},
month = {apr},
title = {Umfrage unter Lehrern macht deutlich: Probleme mit dem Handschreiben in der Schule nehmen zu},
journal ={Bundespressekonferenz},
url ={http://www.schreibmotorik-institut.com/images/PK/PM_Bundespressekonferenz.doc},
note={\\{\url{http://www.schreibmotorik-institut.com/images/PK/PM_Bundespressekonferenz.doc}}}
}

@misc{Gehirn,
  author = 	 {Redaktion},
  title = 	 {Sind wir wirklich fähig zum Multitasking?},
  month = 	 {mai},
  year = 	 {2012},
  url = {https://www.dasgehirn.info/aktuell/frage-an-das-gehirn/sind-wir-wirklich-faehig-zum-multitasking}
}


%%%%%%%% phdthesis
%%
%% A PhD thesis.
%%
%% Required fields:
%% author, title, school, year
%% 
%% Optional fields:
%% type, address, month, note

%%%%%%%% proceedings
%%
%% The proceedings of a conference. See also: inproceedings.
%%
%% Required fields:
%% title, year
%%
%% Optional fields:
%% editor, volume or number, series, address, month, organization, publisher, note

%%%%%%%% techreport
%%
%% A report published by a school or other institution, usally 
%% numbered within a series.
%%
%% Required fields:
%% author, title, institution, year
%%
%% Optional fields:
%% type, number, address, month, note
@techreport{D.Cingel,
  author	= {Drew Cingel},
  title		= {{No LOL matter: Tween texting may lead to poor grammar skills}},
  year		= 2012,
  month		= jul,
  type		= {Technical News Report},
  institution	= {University Park, Pennsylvania},
  url={ },
  note={\\{\url{http://news.psu.edu/story/147778/2012/07/25/research/no-lol-matter-tween-texting-may-lead-poor-grammar-skills}}}
}
